<?xml version="1.0" encoding="UTF-8"?><record xmlns="http://www.loc.gov/MARC21/slim" xmlns:cinclude="http://apache.org/cocoon/include/1.0" xmlns:zs="http://www.loc.gov/zing/srw/">
  <leader>00405cz  a2200133n  4500</leader>
  <controlfield tag="001">n  83178248 </controlfield>
  <controlfield tag="003">DLC</controlfield>
  <controlfield tag="005">20110225074740.0</controlfield>
  <controlfield tag="008">830801n| acannaabn          |n ana      </controlfield>
  <datafield tag="010" ind1=" " ind2=" ">
    <subfield code="a">n  83178248 </subfield>
  </datafield>
  <datafield tag="035" ind1=" " ind2=" ">
    <subfield code="a">(OCoLC)oca00996842</subfield>
  </datafield>
  <datafield tag="040" ind1=" " ind2=" ">
    <subfield code="a">DLC</subfield>
    <subfield code="b">eng</subfield>
    <subfield code="c">DLC</subfield>
    <subfield code="d">OCoLC</subfield>
    <subfield code="d">DLC-S</subfield>
  </datafield>
  <datafield tag="110" ind1="2" ind2=" ">
    <subfield code="a">Han'guk Sup'ŏ Ch'ein Hyŏphoe</subfield>
  </datafield>
  <datafield tag="670" ind1=" " ind2=" ">
    <subfield code="a">Chʻein sŭtʻoŏ, '82. 3 (a.e.)</subfield>
    <subfield code="b">colophon (Hanʼguk Supʻŏ Chʻein Hyŏphoe)</subfield>
  </datafield>
</record>